<record><leader>00000cas a2200000 a 4500</leader><controlfield tag="001">8517303</controlfield><controlfield tag="008">820614d19201972inudn n       0   a0eng d</controlfield><controlfield tag="009">685</controlfield><datafield ind1=" " ind2=" " tag="010"><subfield code="a">sn 86059236 </subfield></datafield><datafield ind1=" " ind2=" " tag="040"><subfield code="a">IPL</subfield><subfield code="b">eng</subfield><subfield code="c">IPL</subfield><subfield code="d">NPI</subfield><subfield code="d">DLC</subfield><subfield code="d">OCL</subfield></datafield><datafield ind1=" " ind2=" " tag="042"><subfield code="a">msc</subfield></datafield><datafield ind1="0" ind2="0" tag="050"><subfield code="a">Newspaper 7002</subfield></datafield><datafield ind1=" " ind2=" " tag="092"><subfield code="a">051</subfield><subfield code="b">L13</subfield></datafield><datafield ind1="0" ind2="4" tag="245"><subfield code="a">The Lafayette journal and courier.</subfield></datafield><datafield ind1="0" ind2="3" tag="246"><subfield code="a">Lafayette journal courier</subfield></datafield><datafield ind1=" " ind2=" " tag="260"><subfield code="a">Lafayette, Ind. :</subfield><subfield code="b">Journal Courier Pub. Co.,</subfield><subfield code="c">1920-1972.</subfield></datafield><datafield ind1=" " ind2=" " tag="300"><subfield code="a">43 v. :</subfield><subfield code="b">ill. ;</subfield><subfield code="c">61 cm.</subfield></datafield><datafield ind1=" " ind2=" " tag="310"><subfield code="a">Daily (except Sun.)</subfield></datafield><datafield ind1="0" ind2=" " tag="362"><subfield code="a">Vol. 1, no. 1 (Jan. 1, 1920)-v. 53, no. 43 (Feb. 19, 1972).</subfield></datafield><datafield ind1=" " ind2=" " tag="515"><subfield code="a">Suspended Nov. 28-Dec. 12, 1946.</subfield></datafield><datafield ind1=" " ind2=" " tag="530"><subfield code="a">Also available on microfilm from University Microfilms.</subfield></datafield><datafield ind1=" " ind2=" " tag="752"><subfield code="a">United States</subfield><subfield code="b">Indiana</subfield><subfield code="c">Tippecanoe</subfield><subfield code="d">Lafayette.</subfield></datafield><datafield ind1="0" ind2="4" tag="780"><subfield code="t">Lafayette journal</subfield><subfield code="w">(DLC)sn 86059102</subfield></datafield><datafield ind1="0" ind2="4" tag="780"><subfield code="t">Lafayette courier (Lafayette, Ind. : Daily)</subfield><subfield code="w">(DLC)sn 86059103</subfield></datafield><datafield ind1="0" ind2="0" tag="785"><subfield code="t">Journal and courier (Lafayette, Ind.)</subfield><subfield code="w">(DLC)sn 82015305</subfield></datafield></record>